<?xml version="1.0" encoding="UTF-8"?><collection xmlns="http://www.loc.gov/MARC21/slim"><record><leader>00495nam--2200181-i-4500</leader><controlfield tag="001">000042030</controlfield><controlfield tag="002">20161230</controlfield><controlfield tag="005">20161230201043</controlfield><controlfield tag="008">060222s1000------------r-----000-0-eng-d</controlfield><datafield ind1=" " ind2=" " tag="040"><subfield code="a">IFIN-HH</subfield></datafield><datafield ind1=" " ind2=" " tag="080"><subfield code="a">53.02</subfield></datafield><datafield ind1="1" ind2=" " tag="100"><subfield code="a">Sneed,Joseph D</subfield></datafield><datafield ind1="1" ind2="0" tag="245"><subfield code="a">The logical structure of mathematical physics</subfield><subfield code="c">Joseph d. sneed</subfield></datafield><datafield ind1=" " ind2=" " tag="260"><subfield code="a">Dordrecht-holland</subfield><subfield code="b">D.Reidel Publ.Comp</subfield><subfield code="c">1971</subfield></datafield><datafield ind1=" " ind2=" " tag="300"><subfield code="a">XIII + 311 P</subfield></datafield><datafield ind1=" " ind2=" " tag="490"><subfield code="a">Synthese Librarty</subfield></datafield><datafield ind1=" " ind2=" " tag="852"><subfield code="a">36651</subfield><subfield code="c">53.02</subfield></datafield><datafield ind1=" " ind2=" " tag="CAT"><subfield code="a">Sys</subfield><subfield code="c">20151021</subfield><subfield code="h">111758</subfield></datafield></record></collection>